@book{Knuth84,
 AUTHOR        = "Knuth, Donald E.",
 TITLE         = "The TeXbook",
 PUBLISHER     = "Addison-Wesley",
 YEAR          = "1984"
}

@book{Kaeslin08,
 AUTHOR        = "Kaeslin, Hubert",
 TITLE         = "Digital Integrated Circuit Design: From VLSI Architectures to CMOS Fabrication",
 PUBLISHER     = "Cambridge University Press",
 month         = apr,
 YEAR          = "2008"
}

@book{HVM04,
 AUTHOR        = "Hankerson, D.R. and Vanstone, S.A. and Menezes, A.J.",
 TITLE         = "Guide to Elliptic Curve Cryptography",
 series        = "Springer Professional Computing",
 PUBLISHER     = "Springer",
 YEAR          = "2004"
}

@manual{FIPS197,
 title         = "Advanced Encryption Standard (AES) (FIPS PUB 197)",
 author        = "NIST",
 organization  = "National Institute of Standards and Technology",
 month         = nov,
 year          = "2001"
}

@inproceedings{RBBK01,
 AUTHOR        = "Phillip Rogaway and Mihir Bellare and John Black and Ted Krovetz",
 TITLE         = "{OCB: A Block-Cipher Mode of Operation for Efficient Authenticated Encryption}",
 BOOKTITLE     = "ACM Conference on Computer and Communications Security",
 YEAR          = "2001",
 pages         = "196--205"
}

@electronic{Virtex6UG1111,
 author        = "Xilinx",
 month         = nov,
 year          = "2011",
 title         = "{Virtex-6 FPGA Configuration - User Guide}",
 note          = "UG360 (v3.4) November 18, 2011",
 url           = "http://www.xilinx.com/support/documentation/user\_guides/ug360.pdf",
}

@electronic{XilinxBib:Series7UG1110,
 author        = "Xilinx",
 month         = oct,
 year          = "2011",
 title         = "{7 Series FPGAs Configuration - User Guide}",
 note          = "UG470 (v1.2) October 26, 2011",
 url           = "http://www.xilinx.com/support/documentation/user\_guides/ug470\_7Series\_Config.pdf",
}

#####
##### Citing URLs
#####
@misc{WIKI:Newton,
 author        = "Wikipedia",
 title         = "Isaac Newton --- Wikipedia{,} The Free Encyclopedia",
 year	       = "2012",
 note	       = "[Online; accessed 1-October-2012]",
 url	       = "http://en.wikipedia.org/w/index.php?title=Isaac\_Newton&oldid=514997436",
}
